@Techreport{alvisi99:analysisCIC,
 author   = {Lorenzo Alvisi and Elmootazbellah Elnozahy and Sriram S. Rao and Syed A. Husain and Asanka Del Mel},
 title    = {An Analysis of Comunication-Induced Checkpointing},
 institution= {Department of Computer Science, University of Texas at Austin},
 year     = {1999},
 number   = {TR-99-01},
 address  = {Austin, {USA}}
}

@Misc{gridftp,
 author   = {William Allcock},
 title    = {{GridFTP} protocol specification. {Global Grid Forum} Recommendation ({GFD}.20)},
 year     = {2003}
}

@Book{JW82,
 author   = {Richard A. Johnson and Dean W. Wichern},
 title    = {Applied Multivariate Statistical Analysis},
 publisher= {Prentice-Hall},
 year     = {1983}
}

@Misc{HashFuncWiki,
 author   = {Wikipedia},
 title    = {Hash Function},
 url = {https://en.wikipedia.org/wiki/Hash_function},
 year = {2019},
}