@Book{TAOCP3,
 author   = {Donald Knuth},
 title    = {The Art of Computer Programming, Volume 3: Sorting and Searching},
 publisher= {Addison-Wesley},
 year     = {1973}
}

@Misc{TreeIsomorphism,
 author = {rng\_58},
 title = {Hashing and Probability of Collision},
 url = {http://rng-58.blogspot.com/2017/02/hashing-and-probability-of-collision.html},
 year = {2017},
}

@Misc{Centroid,
 author = {Igor Carpanese},
 title = {An illustrated introduction to centroid decomposition},
 url = {https://medium.com/carpanese/an-illustrated-introduction-to-centroid-decomposition-8c1989d53308},
 year = {2018},
}

@Misc{CuckooHashing,
 author = {Rasmus Pagh and Flemming Friche Rodler},
 title = {Cuckoo Hashing},
 url = {https://www.cs.tau.ac.il/~shanir/advanced-seminar-data-structures-2009/bib/pagh01cuckoo.pdf},
 year = {2001},
}